
@inproceedings{cerioli20205,
  title={What 5 million job advertisements tell us about testing: a preliminary empirical investigation},
  author={Cerioli, Maura and Leotta, Maurizio and Ricca, Filippo},
  booktitle={Proceedings of the 35th Annual ACM Symposium on Applied Computing},
  pages={1586--1594},
  year={2020}
}

@incollection{ricca2019three,
  title={Three open problems in the context of e2e web testing and a vision: Neonate},
  author={Ricca, Filippo and Leotta, Maurizio and Stocco, Andrea},
  booktitle={Advances in Computers},
  volume={113},
  pages={89--133},
  year={2019},
  publisher={Elsevier}
}

@inproceedings{hamimoune2016mutation,
  title={Mutation testing techniques: A comparative study},
  author={Hamimoune, Soukaina and Falah, Bouchaib},
  booktitle={2016 international conference on engineering \& MIS (ICEMIS)},
  pages={1--9},
  year={2016},
  organization={IEEE}
}

@article{woodward1993mutation,
  title={Mutation testingâ€”its origin and evolution},
  author={Woodward, Martin R},
  journal={Information and Software Technology},
  volume={35},
  number={3},
  pages={163--169},
  year={1993},
  publisher={Elsevier}
}

@inproceedings{yandrapally2021mutation,
  title={Mutation analysis for assessing end-to-end web tests},
  author={Yandrapally, Rahulkrishna and Mesbah, Ali},
  booktitle={2021 IEEE International Conference on Software Maintenance and Evolution (ICSME)},
  pages={183--194},
  year={2021},
  organization={IEEE}
}
@article{leotta2024mutta,
  title={Mutta: a novel tool for E2E web mutation testing},
  author={Leotta, Maurizio and Paparella, Davide and Ricca, Filippo},
  journal={Software Quality Journal},
  volume={32},
  number={1},
  pages={5--26},
  year={2024},
  publisher={Springer}
}

@article{offutt2001mutation,
  title={Mutation 2000: Uniting the orthogonal},
  author={Offutt, A Jefferson and Untch, Roland H},
  journal={Mutation testing for the new century},
  pages={34--44},
  year={2001},
  publisher={Springer}
}

@article{jia2010analysis,
  title={An analysis and survey of the development of mutation testing},
  author={Jia, Yue and Harman, Mark},
  journal={IEEE transactions on software engineering},
  volume={37},
  number={5},
  pages={649--678},
  year={2010},
  publisher={IEEE}
}

@inproceedings{coles2016pit,
  title={Pit: a practical mutation testing tool for java},
  author={Coles, Henry and Laurent, Thomas and Henard, Christopher and Papadakis, Mike and Ventresque, Anthony},
  booktitle={Proceedings of the 25th international symposium on software testing and analysis},
  pages={449--452},
  year={2016}
}

@inproceedings{just2014major,
  title={The Major mutation framework: Efficient and scalable mutation analysis for Java},
  author={Just, Ren{\'e}},
  booktitle={Proceedings of the 2014 international symposium on software testing and analysis},
  pages={433--436},
  year={2014}
}

@inproceedings{irvine2007jumble,
  title={Jumble java byte code to measure the effectiveness of unit tests},
  author={Irvine, Sean A and Pavlinic, Tin and Trigg, Leonard and Cleary, John G and Inglis, Stuart and Utting, Mark},
  booktitle={Testing: Academic and industrial conference practice and research techniques-MUTATION (TAICPART-MUTATION 2007)},
  pages={169--175},
  year={2007},
  organization={IEEE}
}

@inproceedings{schuler2009javalanche,
  title={Javalanche: Efficient mutation testing for Java},
  author={Schuler, David and Zeller, Andreas},
  booktitle={Proceedings of the 7th joint meeting of the European software engineering conference and the ACM SIGSOFT symposium on The foundations of software engineering},
  pages={297--298},
  year={2009}
}